1656577271,19341.350000000000,0.004660000000
1656577266,19343.290000000000,0.019505970000
1656577266,19337.470000000000,0.001224030000
1656577245,19337.470000000000,0.002100000000
1656577240,19337.470000000000,0.001300000000
1656577236,19337.470000000000,0.018270540000
1656577233,19335.760000000000,0.003010000000
1656577196,19337.000000000000,0.102404610000
1656577180,19336.920000000000,0.002550000000
1656577162,19336.520000000000,0.458082680000
1656577162,19336.520000000000,1.000403600000
1656577162,19336.520000000000,0.276518840000
1656577162,19336.520000000000,0.538152610000
1656577162,19336.520000000000,0.263048470000
1656577162,19336.520000000000,0.226042940000
1656577162,19336.520000000000,0.087014730000
1656577162,19336.520000000000,0.156921830000
1656577162,19336.520000000000,0.042275380000
1656577162,19336.520000000000,0.081863110000
1656577161,19336.520000000000,0.159915300000
1656577161,19336.520000000000,0.078264300000
1656577161,19336.520000000000,0.566879280000
1656577161,19336.520000000000,0.340318820000
1656577161,19336.520000000000,0.155371860000
1656577161,19336.520000000000,0.056193140000
1656577161,19336.520000000000,0.042447630000
1656577161,19336.520000000000,0.129072390000
1656577161,19336.520000000000,0.239754920000
1656577161,19336.520000000000,0.101458170000
1656577161,19336.530000000000,0.000786370000
1656577152,19346.200000000000,0.002500000000
1656577146,19345.040000000000,0.002730000000
1656577143,19348.310000000000,0.000000010000
1656577143,19348.310000000000,0.009999990000
1656577128,19348.310000000000,0.002300000000
1656577118,19343.620000000000,0.098300000000
1656577115,19350.000000000000,0.006440000000
1656577105,19349.900000000000,0.001290000000
1656577072,19346.210000000000,0.008240000000
1656577035,19349.680000000000,0.100000000000
1656577023,19350.060000000000,0.001300000000
1656577002,19347.220000000000,0.001800000000
1656576971,19349.350000000000,0.007332830000
1656576956,19323.230000000000,0.013192840000
1656576951,19324.140000000000,1.165232920000
1656576951,19324.140000000000,0.124047490000
1656576951,19324.140000000000,0.081269160000
1656576951,19324.140000000000,0.047899570000
1656576945,19338.390000000000,0.000700000000
1656576941,19340.660000000000,0.156071970000
1656576941,19342.840000000000,0.055400000000
1656576941,19342.840000000000,0.289600000000
1656576936,19357.870000000000,0.002300000000
1656576890,19357.730000000000,0.070000000000
1656576885,19359.850000000000,0.013270000000
1656576882,19340.500000000000,0.159025550000
1656576882,19340.660000000000,0.038553660000
1656576882,19340.670000000000,0.185759000000
1656576882,19340.680000000000,0.389211440000
1656576882,19341.770000000000,0.258350980000
1656576882,19344.340000000000,0.194099370000
1656576882,19345.300000000000,0.275000000000
1656576870,19354.010000000000,0.007530000000
1656576855,19353.480000000000,0.005000000000
1656576839,19365.800000000000,0.015000000000
1656576838,19359.380000000000,0.019179100000
1656576838,19359.380000000000,0.110000000000
1656576838,19359.380000000000,0.129179100000
1656576838,19358.620000000000,0.070000000000
1656576838,19354.030000000000,0.004310000000
1656576824,19355.910000000000,0.203000000000
1656576819,19353.560000000000,0.002000000000
1656576802,19359.600000000000,0.207400000000
1656576802,19359.600000000000,0.392600000000
1656576780,19369.950000000000,0.005654580000
1656576780,19369.950000000000,0.000009210000
1656576779,19369.950000000000,0.001300000000
1656576771,19369.950000000000,0.004156800000
1656576770,19369.950000000000,0.016033000000
1656576764,19370.590000000000,0.014000000000
1656576763,19370.590000000000,0.002301100000
1656576762,19370.600000000000,0.008684700000
1656576748,19370.660000000000,0.000066600000
1656576748,19370.660000000000,0.006600000000
1656576747,19363.440000000000,0.009238640000
1656576738,19327.730000000000,0.730626080000
1656576738,19328.420000000000,0.110000000000
1656576738,19329.560000000000,0.774339640000
1656576738,19330.360000000000,0.110000000000
1656576738,19332.320000000000,0.110000000000
1656576738,19335.640000000000,0.110000000000
1656576738,19335.800000000000,0.400000000000
1656576738,19337.600000000000,0.110000000000
1656576738,19340.280000000000,0.700000000000
1656576738,19340.390000000000,0.110000000000
1656576738,19342.330000000000,0.110000000000
1656576738,19344.280000000000,0.110000000000
1656576738,19344.670000000000,0.514460230000
1656576738,19344.750000000000,0.036476070000
1656576738,19346.270000000000,0.110000000000
1656576738,19346.280000000000,0.516309570000
1656576738,19347.470000000000,0.070000000000
1656576738,19348.220000000000,0.110000000000
1656576738,19348.390000000000,0.240068430000
1656576738,19348.400000000000,0.407600000000
1656576738,19350.160000000000,0.110000000000
1656576738,19351.990000000000,0.412600000000
1656576738,19354.040000000000,0.110000000000
1656576738,19354.690000000000,0.537983680000
1656576738,19355.970000000000,0.100000000000
1656576738,19356.170000000000,0.258158890000
1656576738,19356.740000000000,0.110000000000
1656576738,19356.750000000000,0.380278940000
1656576738,19358.720000000000,0.110000000000
1656576738,19361.390000000000,0.275000000000
1656576738,19361.400000000000,0.229260280000
1656576738,19361.410000000000,0.486922710000
1656576738,19361.410000000000,0.322602880000
1656576738,19363.430000000000,0.129071610000
1656576738,19364.420000000000,0.314636260000
1656576738,19364.430000000000,0.000722890000
1656576701,19370.720000000000,0.006132330000
1656576697,19374.060000000000,0.001300000000
1656576696,19362.700000000000,0.020000000000
1656576681,19371.150000000000,0.001694780000
1656576675,19370.960000000000,0.253253770000
1656576648,19354.110000000000,0.002570510000
1656576643,19357.280000000000,0.000000010000
1656576643,19357.280000000000,0.001999990000
1656576631,19362.440000000000,0.001550000000
1656576620,19367.950000000000,0.002280000000
1656576608,19341.490000000000,0.002760000000
1656576602,19336.760000000000,0.070000000000
1656576600,19328.540000000000,0.070000000000
1656576595,19350.000000000000,0.010000000000
1656576591,19350.980000000000,0.100000000000
1656576577,19358.980000000000,0.010311470000
1656576568,19359.060000000000,0.001350000000
1656576550,19357.290000000000,0.002080000000
1656576511,19367.020000000000,0.011303160000
1656576474,19366.840000000000,0.000009530000
1656576474,19366.840000000000,0.129130000000
1656576451,19362.630000000000,0.129158350000
1656576445,19360.140000000000,0.070000000000
1656576438,19356.440000000000,0.380998850000
1656576438,19370.000000000000,0.000006540000
1656576438,19370.010000000000,0.000000520000
1656576432,19370.010000000000,0.022040000000
1656576420,19373.820000000000,0.010153260000
1656576416,19376.630000000000,0.014180000000
1656576399,19371.570000000000,0.296679310000
1656576399,19370.870000000000,0.070000000000
1656576399,19370.130000000000,0.000008720000
1656576399,19370.130000000000,0.127300000000
1656576398,19370.130000000000,0.001800000000
1656576395,19370.010000000000,0.002959480000
1656576393,19370.010000000000,0.000678530000
1656576393,19370.010000000000,0.000621470000
1656576387,19370.010000000000,0.010010000000
1656576386,19370.010000000000,0.001290000000
1656576374,19370.000000000000,0.005099330000
1656576374,19373.180000000000,0.000000670000
1656576363,19373.180000000000,0.005110000000
1656576354,19373.180000000000,0.000007580000
1656576354,19373.180000000000,0.187920000000
1656576352,19373.180000000000,0.012072420000
1656576308,19385.490000000000,0.003310000000
1656576306,19380.090000000000,0.069999990000
1656576281,19382.520000000000,0.001300000000
1656576270,19375.710000000000,0.010000000000
1656576251,19376.830000000000,0.002594000000
1656576251,19371.910000000000,0.000024840000
1656576224,19368.050000000000,0.000018850000
1656576224,19368.050000000000,0.042000000000
1656576224,19368.050000000000,0.082400000000
1656576224,19368.050000000000,0.004700000000
1656576224,19371.910000000000,0.258281150000
1656576224,19368.050000000000,0.000018850000
1656576224,19368.050000000000,0.129100000000
1656576223,19371.790000000000,0.100000000000
1656576223,19371.780000000000,0.020000000000
1656576218,19375.500000000000,0.030000000000
1656576218,19375.530000000000,0.349210000000
1656576218,19385.690000000000,0.000007580000
1656576218,19385.690000000000,0.006200000000
1656576205,19385.120000000000,0.000016650000
1656576205,19385.120000000000,0.006400000000
1656576204,19382.240000000000,0.000016660000
1656576204,19382.240000000000,0.006400000000
1656576189,19391.770000000000,0.025080000000
1656576181,19394.230000000000,0.002270000000
1656576174,19387.570000000000,0.075961200000
1656576174,19389.500000000000,0.050000000000
1656576164,19397.990000000000,0.005037280000
1656576163,19401.260000000000,0.001270000000
1656576160,19401.260000000000,0.023120000000
1656576143,19401.690000000000,0.001280000000
1656576140,19403.360000000000,0.003000000000
1656576135,19398.310000000000,0.096302080000
1656576134,19398.310000000000,0.030300850000
1656576087,19408.730000000000,0.002500000000
1656576072,19415.680000000000,0.009370000000
1656576050,19406.980000000000,0.016500000000
1656576049,19408.030000000000,0.004780000000
1656576043,19407.740000000000,0.113254480000
1656576043,19399.630000000000,0.005200000000
1656576032,19415.880000000000,0.003086320000
1656576031,19415.880000000000,0.006576590000
1656576025,19406.880000000000,0.000009770000
1656576025,19406.880000000000,0.019720000000
1656576024,19405.360000000000,0.000007350000
1656576024,19405.360000000000,0.128850000000
1656576014,19407.490000000000,0.025200000000
1656576005,19413.950000000000,0.001100000000
1656576004,19413.950000000000,0.002112000000
1656576004,19413.950000000000,0.000088000000
1656575997,19413.950000000000,0.001200000000
1656575977,19424.010000000000,0.001273160000
1656575971,19416.830000000000,0.019372450000
1656575949,19413.460000000000,0.010000000000
1656575912,19420.000000000000,0.045000000000
1656575909,19419.200000000000,0.006260000000
1656575895,19420.000000000000,0.005000000000
1656575881,19393.780000000000,0.132042190000
1656575881,19393.780000000000,0.005985940000
1656575881,19396.550000000000,0.037501210000
1656575881,19395.590000000000,0.128946480000
1656575881,19393.780000000000,0.011971870000
1656575854,19392.840000000000,0.002900000000
1656575854,19386.460000000000,0.200000000000
1656575818,19386.460000000000,0.009611370000
1656575817,19393.780000000000,0.002310000000
1656575803,19392.560000000000,0.009280000000
1656575794,19390.620000000000,0.001400000000
1656575781,19379.310000000000,0.070000000000
1656575779,19375.500000000000,0.001300000000
1656575773,19378.250000000000,0.004260000000
1656575756,19379.950000000000,0.002770000000
1656575752,19369.600000000000,0.000086850000
1656575752,19369.600000000000,0.114400000000
1656575752,19369.600000000000,0.014600000000
1656575666,19385.180000000000,0.004478320000
1656575666,19385.180000000000,0.001621680000
1656575654,19380.990000000000,0.022050000000
1656575646,19377.590000000000,0.005790000000
1656575644,19369.750000000000,0.000000240000
1656575644,19369.750000000000,0.129110000000
1656575624,19385.180000000000,0.003510000000
1656575591,19386.360000000000,0.129011250000
1656575591,19385.290000000000,0.070000000000
1656575586,19390.320000000000,0.016390000000
1656575580,19390.000000000000,0.014655810000
1656575576,19375.230000000000,4.159300000000
1656575576,19375.230000000000,0.371200000000
1656575576,19386.250000000000,0.166238850000
1656575576,19380.010000000000,0.129050820000
1656575576,19380.010000000000,0.129050820000
1656575576,19379.590000000000,0.070000000000
1656575558,19382.000000000000,0.002000000000
1656575547,19387.240000000000,0.000078130000
1656575547,19387.240000000000,0.012600000000
1656575547,19383.410000000000,0.000039440000
1656575547,19383.410000000000,0.129000000000
1656575547,19382.850000000000,0.070000000000
1656575543,19380.810000000000,0.002300000000
1656575531,19381.410000000000,0.013790000000
1656575529,19376.500000000000,0.257726800000
1656575529,19373.850000000000,0.258256160000
1656575529,19373.220000000000,0.029730200000
1656575529,19369.880000000000,0.070000000000
1656575529,19369.370000000000,0.129117470000
1656575462,19357.490000000000,0.035554810000
1656575441,19365.850000000000,0.038077330000
1656575437,19370.000000000000,0.000006190000
1656575401,19374.440000000000,0.070000000000
1656575401,19378.990000000000,0.258191740000
1656575401,19371.930000000000,0.000008260000
1656575401,19371.930000000000,0.129100000000
1656575401,19371.920000000000,0.070000000000
1656575395,19370.120000000000,0.004720000000
1656575390,19372.260000000000,0.002189160000
1656575389,19372.260000000000,0.010000000000
1656575385,19370.000000000000,0.009993810000
1656575385,19370.600000000000,0.000006190000
1656575381,19370.600000000000,0.004560000000
1656575367,19374.960000000000,0.070000000000
1656575366,19374.960000000000,0.005000000000
1656575360,19372.070000000000,0.096800000000
1656575360,19371.630000000000,0.129109370000
1656575360,19371.620000000000,0.070000000000
1656575326,19382.430000000000,0.009658230000
1656575319,19377.690000000000,0.012000000000
1656575306,19383.050000000000,0.658274070000
1656575306,19383.050000000000,0.287300000000
1656575303,19383.050000000000,0.002239290000
1656575297,19387.490000000000,0.004900000000
1656575293,19399.540000000000,0.001380000000
1656575288,19383.050000000000,0.000995960000
1656575286,19383.050000000000,0.051190680000
1656575285,19390.920000000000,0.000514150000
1656575278,19387.720000000000,0.028140000000
1656575274,19386.710000000000,0.001300000000
1656575273,19386.710000000000,0.001610000000
1656575261,19386.850000000000,0.016440940000
1656575240,19386.850000000000,0.013770000000
1656575234,19391.370000000000,0.003140000000
1656575232,19389.870000000000,0.001260000000
1656575223,19379.160000000000,0.006000000000
1656575181,19373.940000000000,0.129083150000
1656575142,19380.370000000000,0.002000000000
1656575139,19380.650000000000,0.028880000000
1656575138,19379.220000000000,0.002790000000
1656575134,19380.930000000000,0.001260000000
1656575131,19385.570000000000,0.000034380000
1656575131,19386.590000000000,0.001084250000
1656575131,19385.570000000000,0.019965620000
1656575131,19386.590000000000,0.000034380000
1656575123,19388.990000000000,0.001780000000
1656575114,19386.590000000000,0.005100000000
1656575104,19394.330000000000,0.010000000000
1656575104,19397.730000000000,0.007100000000
1656575096,19392.470000000000,0.070000000000
1656575063,19394.960000000000,0.015429260000
1656575062,19390.910000000000,0.128979230000
1656575062,19389.820000000000,0.020251340000
1656575062,19386.800000000000,0.028118530000
1656575060,19386.590000000000,0.003186220000
1656575056,19386.800000000000,0.001300000000
1656575044,19387.410000000000,0.007140000000
1656575033,19379.660000000000,0.000000010000
1656575033,19379.660000000000,0.129047780000
1656574983,19398.080000000000,0.007040000000
1656574975,19394.080000000000,0.010000000000
1656574940,19394.350000000000,0.006260000000
1656574927,19388.180000000000,0.016710000000
1656574915,19374.170000000000,0.000000010000
1656574915,19374.170000000000,0.129087400000
1656574915,19374.150000000000,0.070000000000
1656574915,19371.510000000000,0.070000000000
1656574912,19367.790000000000,0.002540000000
1656574911,19367.030000000000,0.000009530000
1656574911,19367.030000000000,0.017300000000
1656574910,19374.030000000000,0.002100000000
1656574910,19362.120000000000,1.035922540000
1656574910,19363.440000000000,0.110000000000
1656574910,19363.480000000000,0.129049350000
1656574910,19363.490000000000,0.543737330000
1656574910,19363.490000000000,0.576335750000
1656574910,19365.390000000000,0.275000000000
1656574910,19365.390000000000,0.110000000000
1656574910,19365.400000000000,0.020000000000
1656574910,19365.380000000000,0.110000000000
1656574910,19367.030000000000,0.043273810000
1656574910,19367.320000000000,0.110000000000
1656574910,19372.370000000000,1.109885290000
1656574910,19373.240000000000,0.025000000000
1656574910,19374.000000000000,0.100000000000
1656574910,19374.030000000000,0.761421230000
1656574910,19374.030000000000,0.769519120000
1656574891,19391.330000000000,0.072307650000
1656574891,19391.330000000000,0.275000000000
1656574891,19391.320000000000,0.070000000000
1656574874,19389.040000000000,0.047508300000
1656574874,19389.040000000000,0.022491700000
1656574874,19388.020000000000,0.047508300000
1656574874,19388.020000000000,0.081500000000
1656574874,19384.780000000000,0.000008300000
1656574874,19384.780000000000,0.029722320000
1656574874,19384.780000000000,0.000007680000
1656574866,19384.780000000000,0.065510000000
1656574864,19384.780000000000,0.000005640000
1656574862,19385.370000000000,0.129043380000
1656574862,19385.360000000000,0.070000000000
1656574853,19385.360000000000,0.005000000000
1656574852,19385.290000000000,0.001327290000
1656574838,19394.780000000000,0.001547450000
1656574822,19401.170000000000,0.128915790000
1656574817,19399.640000000000,0.001424390000
1656574817,19399.640000000000,0.001823240000
1656574815,19399.640000000000,0.001680000000
1656574815,19399.640000000000,0.001678070000
1656574815,19399.640000000000,0.001803930000
1656574815,19399.640000000000,0.001691770000
1656574815,19399.640000000000,0.001712660000
1656574815,19399.640000000000,0.001713730000
1656574815,19399.640000000000,0.001825280000
1656574815,19399.640000000000,0.001820140000
1656574814,19401.580000000000,0.000671040000
1656574814,19399.640000000000,0.000785720000
1656574814,19399.640000000000,0.001491720000
1656574814,19399.640000000000,0.001525900000
1656574814,19399.640000000000,0.002403390000
1656574814,19399.640000000000,0.002446250000
1656574814,19399.640000000000,0.002099650000
1656574814,19399.640000000000,0.002549210000
1656574814,19399.640000000000,0.002544490000
1656574814,19399.640000000000,0.002634240000
1656574814,19399.640000000000,0.002020590000
1656574814,19399.640000000000,0.003194490000
1656574814,19399.640000000000,0.003211670000
1656574814,19399.640000000000,0.002069480000
1656574814,19399.640000000000,0.002291990000
1656574813,19399.640000000000,0.002163800000
1656574813,19399.640000000000,0.002393920000
1656574813,19399.640000000000,0.002459060000
1656574813,19399.640000000000,0.002840970000
1656574813,19399.640000000000,0.002950050000
1656574813,19399.640000000000,0.003194330000
1656574813,19399.640000000000,0.003242230000
1656574813,19399.640000000000,0.003730900000
1656574813,19399.640000000000,0.003995650000
1656574813,19399.640000000000,0.004531580000
1656574813,19399.640000000000,0.004934110000
1656574813,19399.640000000000,0.005581960000
1656574813,19399.640000000000,0.005775370000
1656574813,19399.640000000000,0.006906430000
1656574813,19399.640000000000,0.005621530000
1656574813,19399.640000000000,0.006321730000
1656574812,19399.640000000000,0.007019490000
1656574812,19399.640000000000,0.007927850000
1656574812,19399.640000000000,0.008130850000
1656574812,19399.640000000000,0.007934740000
1656574812,19405.090000000000,0.009056070000
1656574812,19404.110000000000,0.012551380000
1656574812,19405.080000000000,0.024998530000
1656574812,19405.080000000000,0.019723020000
1656574812,19400.560000000000,0.012076750000
1656574812,19399.640000000000,0.010796070000
1656574812,19399.640000000000,0.016905600000
1656574812,19399.640000000000,0.054926960000
1656574812,19399.640000000000,0.019026650000
1656574812,19399.640000000000,0.013114370000
1656574812,19399.640000000000,0.014155690000
1656574812,19399.640000000000,0.013820220000
1656574811,19399.640000000000,0.016916050000
1656574800,19393.450000000000,0.097900000000
1656574795,19393.450000000000,0.011000000000
1656574793,19393.450000000000,0.020000000000
1656574789,19387.080000000000,0.070000000000
1656574789,19387.080000000000,0.069299050000
1656574789,19387.080000000000,0.059700000000
1656574783,19385.480000000000,0.129000000000
1656574782,19384.790000000000,0.030271670000
1656574773,19384.780000000000,0.016100000000
1656574770,19394.710000000000,0.000007880000
1656574757,19394.710000000000,0.006210000000
1656574748,19392.180000000000,0.005440000000
1656574734,19391.990000000000,0.128900000000
1656574734,19391.980000000000,0.070000000000
1656574733,19395.080000000000,0.000001210000
1656574732,19395.090000000000,0.003453120000
1656574722,19396.070000000000,0.026854920000
1656574720,19395.080000000000,0.257850000000
1656574712,19394.710000000000,0.119596520000
1656574711,19394.710000000000,0.009360000000
1656574696,19395.080000000000,0.001527700000
1656574689,19399.480000000000,0.001270000000
1656574682,19395.580000000000,0.004076920000
1656574682,19395.580000000000,0.005000000000
1656574680,19395.580000000000,0.008153850000
1656574672,19390.810000000000,0.024512440000
1656574667,19393.680000000000,0.001300000000
1656574650,19381.130000000000,0.059030000000
1656574650,19381.120000000000,0.070000000000
1656574650,19379.200000000000,0.070000000000
1656574647,19381.170000000000,0.010000000000
1656574641,19381.480000000000,0.011000000000
1656574638,19383.340000000000,0.053927930000
1656574637,19383.370000000000,0.053927930000
1656574632,19395.700000000000,0.000948660000
1656574616,19404.540000000000,0.001430000000
1656574603,19404.100000000000,0.010000000000
1656574602,19404.910000000000,0.024499490000
1656574588,19413.040000000000,0.668238840000
1656574588,19413.030000000000,1.097280620000
1656574588,19413.030000000000,0.586952250000
1656574588,19410.990000000000,0.563659370000
1656574588,19410.920000000000,0.070000000000
1656574588,19409.460000000000,0.275000000000
1656574588,19409.460000000000,0.110000000000
1656574588,19406.600000000000,0.128868920000
1656574549,19409.910000000000,0.001300000000
1656574547,19409.910000000000,0.008260000000
1656574544,19410.210000000000,0.028330000000
1656574538,19406.030000000000,0.000007970000
1656574538,19406.030000000000,0.081950000000
1656574536,19406.030000000000,0.046930000000
1656574534,19400.000000000000,0.057409710000
1656574534,19400.000000000000,0.047670720000
1656574531,19400.000000000000,0.041788350000
1656574531,19400.000000000000,0.045723970000
1656574531,19400.000000000000,0.049367650000
1656574530,19400.000000000000,0.400000000000
1656574530,19400.000000000000,0.045628970000
1656574521,19409.710000000000,0.002300000000
1656574521,19409.710000000000,0.009630000000
1656574510,19411.920000000000,0.006097280000
1656574510,19410.880000000000,0.007320000000
1656574484,19414.540000000000,0.002270000000
1656574466,19408.690000000000,0.128860000000
1656574464,19404.740000000000,0.507241770000
1656574464,19404.240000000000,0.257834450000
1656574464,19401.700000000000,0.128919080000
1656574462,19400.000000000000,0.041458650000
1656574462,19400.000000000000,0.301818890000
1656574462,19400.000000000000,0.062901140000
1656574462,19400.000000000000,0.100000000000
1656574452,19400.000000000000,0.400000000000
1656574440,19405.620000000000,0.001500000000
1656574426,19405.490000000000,0.024900000000
1656574414,19398.090000000000,0.001300000000
1656574402,19395.650000000000,0.006880000000
1656574400,19395.550000000000,0.005750000000
1656574396,19384.140000000000,0.005846560000
1656574385,19401.040000000000,0.005150000000
1656574370,19404.810000000000,0.025010000000
1656574355,19405.200000000000,0.002300000000
1656574334,19405.480000000000,0.014480000000
1656574317,19399.760000000000,0.000000930000
1656574317,19392.340000000000,0.001399070000
1656574311,19379.800000000000,0.969800000000
1656574310,19379.800000000000,0.000087610000
1656574310,19379.800000000000,0.969800000000
1656574310,19378.440000000000,0.000035480000
1656574310,19381.180000000000,1.215482260000
1656574310,19381.180000000000,0.000517740000
1656574310,19378.440000000000,0.000017740000
1656574309,19378.440000000000,1.215500000000
1656574309,19381.180000000000,1.215000000000
1656574247,19384.780000000000,0.005471300000
1656574244,19383.700000000000,0.015323680000
1656574244,19385.200000000000,0.024800710000
1656574244,19385.200000000000,0.725553210000
1656574244,19385.200000000000,0.999981680000
1656574244,19385.200000000000,0.126324990000
1656574244,19385.200000000000,0.057068910000
1656574244,19385.200000000000,0.505572310000
1656574244,19385.200000000000,0.016748710000
1656574244,19385.200000000000,1.050000000000
1656574243,19385.200000000000,0.043821500000
1656574243,19385.200000000000,0.247979970000
1656574243,19385.200000000000,0.109400000000
1656574243,19385.200000000000,0.053169770000
1656574243,19385.200000000000,0.065122580000
1656574243,19385.200000000000,0.043062900000
1656574243,19385.200000000000,0.100000000000
1656574243,19385.200000000000,0.061162760000
1656574243,19385.200000000000,0.770230000000
1656574232,19397.450000000000,0.010000000000
1656574226,19408.920000000000,0.001343210000
1656574225,19403.480000000000,0.000600000000
1656574205,19410.880000000000,0.013770000000
1656574194,19398.170000000000,0.011779230000
1656574178,19417.800000000000,0.001430000000
1656574172,19414.990000000000,0.005124900000
1656574169,19413.120000000000,0.007510000000
1656574166,19412.460000000000,0.001281000000
1656574121,19444.110000000000,0.002580000000
1656574119,19446.630000000000,0.006250000000
1656574111,19423.760000000000,0.000059190000
1656574111,19423.760000000000,0.128700000000
1656574111,19426.100000000000,0.070000000000
1656574111,19425.000000000000,0.150000000000
1656574111,19424.800000000000,0.019820790000
1656574111,19423.760000000000,0.128759190000
1656574059,19443.740000000000,0.004990000000
1656574058,19427.750000000000,0.250000000000
1656574019,19413.230000000000,0.000008250000
1656574019,19413.230000000000,0.497550000000
1656574016,19413.290000000000,0.002441750000
1656574007,19413.290000000000,0.000002730000
1656573996,19413.290000000000,0.087100000000
1656573986,19413.290000000000,0.046910000000
1656573985,19412.460000000000,0.000878430000
1656573974,19393.410000000000,0.811857360000
1656573974,19393.910000000000,0.562553050000
1656573974,19393.920000000000,0.560580760000
1656573974,19394.740000000000,0.110000000000
1656573974,19394.750000000000,0.409000000000
1656573974,19395.220000000000,0.017220080000
1656573974,19396.580000000000,0.128822930000
1656573974,19402.540000000000,0.730501080000
1656573974,19402.550000000000,1.126630290000
1656573974,19402.550000000000,0.735329880000
1656573959,19413.290000000000,0.348704680000
1656573956,19413.290000000000,0.000947800000
1656573956,19413.290000000000,0.000002420000
1656573956,19413.300000000000,0.000561970000
1656573948,19418.290000000000,0.005000000000
1656573948,19418.290000000000,0.007027450000
1656573926,19413.290000000000,0.017890000000
1656573924,19418.520000000000,0.010000000000
1656573923,19413.290000000000,0.003700000000
1656573905,19395.360000000000,0.003767220000
1656573905,19395.370000000000,0.020000000000
1656573903,19403.680000000000,0.007501990000
1656573887,19417.540000000000,0.002290000000
1656573883,19395.750000000000,0.000009420000
1656573883,19395.750000000000,0.128940000000
1656573877,19389.910000000000,0.129008590000
1656573868,19390.000000000000,0.002208880000
1656573868,19390.000000000000,0.052886970000
1656573867,19395.140000000000,0.002500000000
1656573864,19393.050000000000,0.028400000000
1656573861,19390.000000000000,0.061037490000
1656573842,19402.280000000000,0.010000000000
1656573834,19418.940000000000,0.024467820000
1656573809,19420.260000000000,0.199995670000
1656573809,19430.000000000000,0.000004330000
1656573799,19430.000000000000,0.301950000000
1656573795,19435.410000000000,0.009980000000
1656573787,19425.980000000000,0.128700000000
1656573787,19422.450000000000,0.000000010000
1656573787,19422.450000000000,0.022090130000
1656573768,19404.730000000000,0.013604690000
1656573766,19422.000000000000,0.152163670000
1656573766,19417.030000000000,0.070000000000
1656573766,19415.190000000000,0.014992250000
1656573766,19415.190000000000,0.113830540000
1656573758,19416.580000000000,0.025689900000
1656573751,19420.220000000000,0.001300000000
1656573744,19405.870000000000,0.000000010000
1656573744,19405.870000000000,0.128898340000
1656573739,19398.420000000000,0.000090580000
1656573739,19398.420000000000,0.001200000000
1656573738,19397.820000000000,0.001540260000
1656573738,19397.820000000000,0.001919470000
1656573738,19397.820000000000,0.009900530000
1656573726,19394.330000000000,0.048270000000
1656573724,19394.310000000000,0.004510000000
1656573704,19364.840000000000,0.010000000000
1656573702,19374.200000000000,0.003680000000
1656573698,19376.830000000000,0.002800000000
1656573685,19376.550000000000,0.013800000000
1656573680,19376.950000000000,0.007320480000
1656573680,19376.170000000000,0.020000000000
1656573677,19371.490000000000,0.481800000000
1656573676,19370.290000000000,0.144000000000
1656573673,19363.800000000000,0.396210000000
1656573673,19362.180000000000,0.129100000000
1656573668,19363.800000000000,0.003790000000
1656573655,19348.660000000000,0.090000000000
1656573654,19342.580000000000,0.012911930000
1656573626,19361.560000000000,0.004990000000
1656573620,19364.220000000000,0.020010000000
1656573612,19356.920000000000,0.727060000000
1656573581,19328.840000000000,0.003526850000
1656573580,19316.570000000000,0.001300000000
1656573580,19314.070000000000,0.000020430000
1656573580,19314.070000000000,0.129500000000
1656573578,19314.370000000000,0.070000000000
1656573577,19306.390000000000,0.189170000000
1656573577,19305.410000000000,0.070000000000
1656573577,19305.420000000000,0.059614410000
1656573577,19305.420000000000,0.070000000000
1656573577,19305.890000000000,0.007300000000
1656573577,19304.970000000000,0.113701120000
1656573577,19304.970000000000,0.185306980000
1656573577,19304.970000000000,0.152163660000
1656573577,19304.970000000000,0.152111440000
1656573577,19304.980000000000,0.070000000000
1656573576,19304.980000000000,0.700000000000
1656573576,19304.970000000000,0.131291880000
1656573576,19307.000000000000,0.030000000000
1656573576,19307.290000000000,0.811040000000
1656573576,19309.610000000000,0.811040000000
1656573576,19311.920000000000,0.811040000000
1656573576,19314.240000000000,0.811040000000
1656573576,19316.560000000000,0.378142600000
1656573576,19316.560000000000,0.372543550000
1656573575,19316.560000000000,0.457501770000
1656573575,19316.560000000000,0.337667100000
1656573575,19316.560000000000,0.282660380000
1656573575,19316.560000000000,0.216394830000
1656573575,19316.560000000000,0.139089770000
1656573574,19316.560000000000,1.841200000000
1656573574,19316.560000000000,0.030000000000
1656573574,19328.150000000000,0.575746730000
1656573574,19328.150000000000,0.235293270000
1656573574,19330.000000000000,0.005924000000
1656573574,19330.470000000000,0.453406480000
1656573574,19330.470000000000,0.093456790000
1656573573,19330.470000000000,0.094940670000
1656573573,19330.470000000000,0.094191860000
1656573573,19330.470000000000,0.075044200000
1656573573,19332.790000000000,0.080669170000
1656573573,19332.790000000000,0.099753840000
1656573573,19332.790000000000,0.051944200000
1656573573,19332.790000000000,0.043833120000
1656573573,19332.790000000000,0.045417830000
1656573573,19332.790000000000,0.091789600000
1656573573,19332.790000000000,0.277903520000
1656573573,19332.790000000000,0.080826570000
1656573573,19332.790000000000,0.038902150000
1656573573,19333.000000000000,0.005121290000
1656573572,19335.110000000000,0.024660000000
1656573572,19335.110000000000,0.136380000000
1656573571,19335.110000000000,0.650000000000
1656573564,19343.030000000000,0.000000010000
1656573564,19343.030000000000,0.001499990000
1656573559,19344.000000000000,0.121925540000
1656573559,19343.800000000000,0.007274460000
1656573541,19345.980000000000,0.002280000000
1656573541,19341.130000000000,0.090000000000
1656573541,19340.170000000000,0.000008540000
1656573541,19340.170000000000,0.129320000000
1656573535,19343.040000000000,0.003140000000
1656573523,19346.520000000000,0.008280000000
1656573520,19342.350000000000,0.000097680000
1656573520,19342.350000000000,0.129200000000
1656573520,19346.310000000000,0.168630000000
1656573520,19344.940000000000,0.090000000000
1656573520,19342.350000000000,0.000007680000
1656573520,19342.350000000000,0.129290000000
1656573512,19340.160000000000,0.002770000000
1656573503,19342.150000000000,0.010288440000
1656573494,19346.120000000000,0.005117820000
1656573491,19350.000000000000,0.237218160000
1656573491,19350.000000000000,0.136796770000
1656573491,19350.000000000000,0.125985070000
1656573491,19350.000000000000,0.500000000000
1656573487,19367.150000000000,0.001280000000
1656573477,19356.800000000000,0.200000000000
1656573449,19375.770000000000,0.100000000000
1656573440,19375.060000000000,0.150000000000
1656573405,19371.240000000000,0.029100000000
1656573404,19371.240000000000,0.100000000000
1656573391,19369.960000000000,0.010867370000
1656573391,19366.610000000000,0.129132640000
1656573391,19364.870000000000,0.009999990000
1656573374,19365.790000000000,0.001484600000
1656573371,19365.850000000000,0.001300000000
1656573369,19365.850000000000,0.002894900000
1656573364,19366.190000000000,0.021290000000
1656573362,19365.360000000000,0.002672200000
1656573359,19370.920000000000,0.049071910000
1656573359,19369.380000000000,0.012018090000
1656573357,19369.380000000000,0.033180000000
1656573357,19369.380000000000,0.017161040000
1656573354,19372.720000000000,0.001707200000
1656573347,19373.700000000000,0.013800000000
1656573347,19365.580000000000,0.225007870000
1656573339,19356.680000000000,0.090000000000
1656573339,19357.830000000000,0.007594000000
1656573339,19356.680000000000,0.129202770000
1656573326,19355.100000000000,0.089975490000
1656573326,19354.610000000000,0.000024510000
1656573326,19354.610000000000,0.129193970000
1656573326,19353.970000000000,0.000006030000
1656573326,19353.970000000000,0.011290000000
1656573323,19353.970000000000,0.000000070000
1656573303,19353.970000000000,0.010810000000
1656573295,19362.320000000000,0.020800560000
1656573295,19358.810000000000,0.129199440000
1656573291,19353.970000000000,0.013800000000
1656573286,19340.230000000000,0.070000000000
1656573280,19335.120000000000,0.135776590000
1656573280,19337.430000000000,0.052752260000
1656573280,19337.530000000000,0.001903030000
1656573279,19341.900000000000,0.000002760000
1656573279,19341.900000000000,0.069997240000
1656573279,19340.860000000000,0.000002760000
1656573279,19340.860000000000,0.285520000000
1656573278,19340.860000000000,0.235100000000
1656573278,19340.860000000000,0.260477240000
1656573278,19339.760000000000,0.129322760000
1656573278,19339.750000000000,0.070000000000
1656573278,19339.750000000000,0.070000000000
1656573277,19337.430000000000,0.758287740000
1656573277,19338.450000000000,0.152456220000
1656573277,19339.750000000000,0.103647870000
1656573277,19339.750000000000,0.067095050000
1656573277,19339.750000000000,0.082234560000
1656573277,19339.750000000000,0.069305150000
1656573277,19339.750000000000,0.054924190000
1656573276,19339.750000000000,0.066590810000
1656573276,19339.750000000000,0.102894130000
1656573276,19339.750000000000,0.203997530000
1656573276,19339.750000000000,0.060350710000
1656573275,19342.070000000000,0.000087960000
1656573275,19342.070000000000,0.636600000000
1656573274,19350.000000000000,0.001292000000
1656573274,19350.000000000000,0.025583950000
1656573274,19350.000000000000,0.020000000000
1656573270,19359.600000000000,0.050000000000
1656573263,19369.170000000000,0.100000000000
1656573251,19364.320000000000,0.059147270000
1656573251,19364.320000000000,0.070000000000
1656573232,19359.440000000000,0.310780480000
1656573232,19365.250000000000,0.084019520000
1656573226,19365.250000000000,2.200000000000
1656573222,19367.860000000000,2.199600000000
1656573211,19365.250000000000,0.450000000000
1656573209,19365.250000000000,0.052906980000
1656573208,19367.860000000000,0.001000000000
1656573206,19365.250000000000,1.892640000000
1656573205,19365.250000000000,0.050055100000
1656573205,19365.250000000000,0.052210860000
1656573205,19365.250000000000,0.040264480000
1656573205,19365.250000000000,0.043243880000
1656573204,19373.900000000000,0.005641300000
1656573203,19365.250000000000,0.134659180000
1656573202,19381.950000000000,0.021600000000
1656573200,19378.950000000000,0.082319000000
1656573195,19380.780000000000,0.003711400000
1656573194,19381.890000000000,0.014103000000
1656573192,19381.950000000000,0.054186000000
1656573190,19374.710000000000,0.011060000000
1656573189,19368.380000000000,0.042013000000
1656573187,19368.370000000000,0.160560000000
1656573181,19364.440000000000,0.008466130000
1656573178,19365.390000000000,0.002598000000
1656573177,19364.800000000000,0.009649600000
1656573176,19369.000000000000,0.001085590000
1656573175,19371.890000000000,0.000000670000
1656573175,19371.890000000000,0.002170000000
1656573175,19371.890000000000,0.010000000000
1656573175,19372.600000000000,0.036817000000
1656573174,19374.980000000000,0.001558800000
1656573172,19373.360000000000,0.006086700000
1656573172,19373.370000000000,0.004605800000
1656573171,19372.850000000000,0.023308000000
1656573169,19372.050000000000,0.000692000000
1656573169,19367.350000000000,0.009700000000
1656573169,19357.700000000000,0.002078300000
1656573169,19357.700000000000,0.010753010000
1656573169,19357.700000000000,0.001506040000
1656573168,19359.970000000000,0.018353980000
1656573168,19357.700000000000,0.021506020000
1656573166,19358.360000000000,0.024471560000
1656573166,19357.700000000000,0.129178440000
1656573160,19366.030000000000,0.233740000000
1656573159,19355.020000000000,0.143391020000
1656573159,19355.030000000000,0.780794050000
1656573159,19356.020000000000,0.275000000000
1656573159,19374.340000000000,0.192729080000
1656573159,19373.740000000000,0.110000000000
1656573159,19372.990000000000,0.077750000000
1656573159,19370.870000000000,0.110000000000
1656573159,19370.610000000000,0.275000000000
1656573159,19366.990000000000,0.129120920000
1656573157,19376.280000000000,0.267246760000
1656573157,19375.720000000000,0.017189470000
1656573157,19375.710000000000,0.758199890000
1656573157,19375.700000000000,0.155490000000
1656573157,19373.750000000000,0.110000000000
1656573157,19371.810000000000,0.110000000000
1656573157,19370.870000000000,1.090875860000
1656573157,19370.860000000000,0.769196860000
1656573157,19368.050000000000,0.129113460000
1656573157,19367.930000000000,0.017087700000
1656573155,19367.930000000000,0.126560000000
1656573153,19367.820000000000,0.483080000000
1656573151,19367.820000000000,0.073515360000
1656573151,19367.820000000000,0.747957480000
1656573151,19367.800000000000,0.070000000000
1656573151,19366.320000000000,0.275000000000
1656573151,19366.310000000000,0.547283880000
1656573151,19364.680000000000,0.129143280000
1656573146,19367.930000000000,0.006754800000
1656573144,19367.930000000000,0.025683000000
1656573144,19367.770000000000,0.001310000000
1656573143,19367.930000000000,0.097833000000
1656573127,19374.490000000000,0.001390000000
1656573127,19374.490000000000,0.007480000000
1656573115,19382.480000000000,0.004338140000
1656573109,19379.140000000000,0.001300000000
1656573096,19392.950000000000,0.005680000000
1656573088,19391.590000000000,0.039454760000
1656573070,19391.590000000000,0.000009310000
1656573070,19391.590000000000,0.027340000000
1656573069,19399.360000000000,0.001390000000
1656573057,19368.190000000000,1.804338910000
1656573057,19368.470000000000,0.110000000000
1656573057,19369.010000000000,0.254900000000
1656573057,19370.300000000000,0.407600000000
1656573057,19370.410000000000,0.110000000000
1656573057,19371.160000000000,0.070000000000
1656573057,19372.040000000000,0.017163890000
1656573057,19372.420000000000,0.110000000000
1656573057,19372.430000000000,1.400000000000
1656573057,19375.030000000000,0.110000000000
1656573057,19379.590000000000,0.590474560000
1656573057,19379.590000000000,0.593376040000
1656573057,19379.590000000000,0.745923170000
1656573057,19379.600000000000,0.784167370000
1656573057,19380.560000000000,1.190524260000
1656573047,19384.090000000000,0.001000000000
1656573033,19390.710000000000,1.058909000000
1656573033,19390.060000000000,0.700000000000
1656573033,19387.970000000000,0.110000000000
1656573033,19384.090000000000,0.002068150000
1656573033,19384.070000000000,0.129022850000
1656573027,19384.720000000000,0.004396000000
1656573026,19384.720000000000,0.004000000000
1656573023,19386.190000000000,0.003000000000
1656573004,19396.060000000000,0.084960000000
1656573003,19394.040000000000,0.023870000000
1656572996,19405.880000000000,0.092317330000
1656572996,19405.810000000000,0.700000000000
1656572996,19404.280000000000,0.110000000000
1656572996,19402.960000000000,0.119800000000
1656572996,19399.710000000000,0.128919190000
1656572996,19398.900000000000,0.070000000000
1656572996,19397.470000000000,0.778963480000
1656572985,19406.860000000000,0.096245170000
1656572985,19406.850000000000,0.199660000000
1656572985,19406.360000000000,0.700000000000
1656572985,19401.700000000000,0.070000000000
1656572985,19401.530000000000,0.275000000000
1656572984,19398.020000000000,0.000008180000
1656572984,19398.020000000000,0.025540000000
1656572966,19409.490000000000,0.001290000000
1656572966,19398.910000000000,0.015690000000
1656572955,19403.700000000000,0.127500000000
1656572952,19403.700000000000,0.001290000000
1656572944,19405.630000000000,0.005000000000
1656572943,19405.630000000000,0.012040000000
1656572940,19405.630000000000,0.002300000000
1656572920,19385.970000000000,0.528996620000
1656572920,19386.930000000000,0.275000000000
1656572919,19385.960000000000,0.556143910000
1656572919,19385.960000000000,0.735655980000
1656572919,19385.970000000000,1.199138800000
1656572919,19393.710000000000,0.000000010000
1656572906,19393.710000000000,0.004999990000
1656572893,19393.690000000000,0.004000000000
1656572855,19402.080000000000,0.001710000000
1656572848,19402.460000000000,0.003571970000
1656572844,19396.180000000000,0.000948640000
1656572843,19396.180000000000,0.102279800000
1656572837,19412.560000000000,0.024930000000
1656572826,19412.850000000000,0.001290000000
1656572806,19378.120000000000,0.255918210000
1656572806,19378.120000000000,0.002310000000
1656572806,19372.720000000000,0.129101200000
1656572801,19360.830000000000,0.001400000000
1656572796,19360.830000000000,0.001310000000
1656572792,19367.280000000000,0.040100000000
1656572792,19360.830000000000,0.070000000000
1656572785,19351.430000000000,0.091031730000
1656572785,19351.430000000000,0.093810840000
1656572762,19369.530000000000,0.008100000000
1656572732,19372.240000000000,0.184029440000
1656572732,19372.870000000000,0.002170560000
1656572718,19386.860000000000,0.049110000000
1656572701,19380.020000000000,0.000006260000
1656572701,19380.020000000000,0.129040000000
1656572694,19368.460000000000,0.013069880000
1656572678,19386.990000000000,0.001460000000
1656572670,19393.640000000000,0.045382120000
1656572662,19397.610000000000,0.128910000000
1656572662,19397.610000000000,0.128911730000
1656572662,19392.490000000000,0.000037150000
1656572662,19392.490000000000,0.000800000000
1656572661,19392.490000000000,0.001071810000
1656572661,19392.490000000000,0.000602480000
1656572648,19392.490000000000,0.003890380000
1656572646,19392.490000000000,0.001204970000
1656572643,19388.270000000000,0.023100000000
1656572643,19383.800000000000,0.464900000000
1656572638,19396.220000000000,0.001300000000
1656572612,19390.870000000000,0.195000000000
1656572597,19400.980000000000,0.288000000000
1656572594,19413.160000000000,0.019001090000
1656572589,19408.350000000000,0.078510000000
1656572579,19414.820000000000,0.002800000000
1656572578,19402.220000000000,0.000006750000
1656572578,19402.220000000000,2.605600000000
1656572571,19413.850000000000,0.016030170000
1656572555,19402.220000000000,0.002500000000
1656572541,19382.590000000000,0.004650000000
1656572536,19383.050000000000,0.129038690000
1656572536,19383.050000000000,0.000038690000
1656572536,19383.050000000000,0.129000000000
1656572536,19382.170000000000,0.120000000000
1656572530,19391.510000000000,0.002578000000
1656572517,19378.960000000000,0.012400000000
1656572517,19378.960000000000,0.047600000000
1656572517,19378.960000000000,0.060000000000
1656572516,19383.220000000000,0.002566650000
1656572516,19378.600000000000,0.002250000000
1656572508,19397.230000000000,0.190892180000
1656572502,19400.020000000000,0.169414820000
1656572502,19400.030000000000,0.000685180000
1656572475,19409.430000000000,0.000664890000
1656572467,19412.820000000000,0.198414700000
1656572467,19413.790000000000,0.275000000000
1656572450,19430.370000000000,0.002230000000
1656572438,19411.890000000000,0.042384450000
1656572438,19411.880000000000,0.020000000000
1656572438,19412.860000000000,0.002190000000
1656572437,19406.750000000000,0.005361440000
1656572437,19406.740000000000,0.326010000000
1656572437,19405.780000000000,0.275000000000
1656572437,19405.770000000000,0.017000000000
1656572437,19405.770000000000,0.003000000000
1656572429,19402.350000000000,0.120000000000
1656572420,19408.880000000000,0.200000000000
1656572419,19409.860000000000,0.762100000000
1656572414,19413.300000000000,0.062380420000
1656572414,19415.000000000000,2.325300000000
1656572414,19407.890000000000,1.999999990000
1656572410,19388.520000000000,0.089999990000
1656572409,19387.370000000000,0.129020810000
1656572409,19383.790000000000,0.010785330000
1656572408,19376.310000000000,0.090000000000
1656572406,19385.530000000000,0.000949160000
1656572391,19372.970000000000,0.060000000000
1656572388,19342.070000000000,0.059347410000
1656572388,19355.630000000000,0.020000000000
1656572388,19350.200000000000,0.070000000000
1656572387,19342.070000000000,0.115004630000
1656572387,19344.390000000000,0.074804800000
1656572387,19344.400000000000,0.070000000000
1656572387,19344.400000000000,0.700000000000
1656572387,19344.390000000000,0.141216310000
1656572387,19344.390000000000,0.272766860000
1656572387,19344.390000000000,0.139956670000
1656572387,19344.390000000000,0.182295360000
1656572387,19346.710000000000,0.811040000000
1656572387,19349.040000000000,0.240173990000
1656572387,19349.040000000000,0.570866010000
1656572387,19350.000000000000,0.018645880000
1656572387,19351.360000000000,0.120043240000
1656572387,19351.360000000000,0.129363550000
1656572386,19351.360000000000,0.526328620000
1656572386,19351.360000000000,0.035304590000
1656572386,19353.680000000000,0.242075530000
1656572386,19353.680000000000,0.323611900000
1656572386,19353.680000000000,0.245352570000
1656572386,19356.000000000000,0.074182540000
1656572386,19356.000000000000,0.337370040000
1656572386,19356.000000000000,0.245426500000
1656572385,19356.000000000000,0.154060920000
1656572385,19358.330000000000,0.022986560000
1656572385,19358.330000000000,0.279261800000
1656572385,19358.330000000000,0.508791640000
1656572385,19360.650000000000,1.456519600000
1656572385,19360.650000000000,0.110880150000
1656572385,19360.650000000000,0.184224930000
1656572385,19360.650000000000,0.305928120000
1656572385,19360.650000000000,0.424216070000
1656572385,19360.650000000000,1.298218200000
1656572385,19360.650000000000,0.435204960000
1656572385,19360.650000000000,0.421767730000
1656572385,19360.650000000000,0.112091000000
1656572384,19360.650000000000,0.421767730000
1656572384,19360.650000000000,0.268694060000
1656572384,19360.650000000000,0.358410120000
1656572384,19360.650000000000,0.330300550000
1656572384,19360.650000000000,0.004366200000
1656572384,19360.650000000000,0.034269690000
1656572384,19360.650000000000,0.153400000000
1656572384,19360.650000000000,0.065765370000
1656572384,19360.650000000000,0.030000000000
1656572384,19360.650000000000,1.499999990000
1656572384,19360.650000000000,0.955626460000
1656572383,19360.650000000000,0.030000000000
1656572383,19360.650000000000,0.861913810000
1656572383,19360.650000000000,0.850000000000
1656572383,19360.650000000000,0.093762220000
1656572383,19360.650000000000,0.246504390000
1656572383,19360.650000000000,0.086852090000
1656572383,19360.650000000000,4.277600000000
1656572383,19360.650000000000,0.153400000000
1656572383,19360.650000000000,0.852095610000
1656572383,19360.650000000000,1.707398620000
1656572383,19360.650000000000,0.400000000000
1656572383,19360.650000000000,0.701626770000
1656572383,19360.650000000000,0.750000000000
1656572383,19360.650000000000,1.050400000000
1656572383,19360.650000000000,0.258300000000
1656572383,19360.650000000000,0.706575560000
1656572380,19369.150000000000,0.014000000000
1656572377,19389.670000000000,0.030000000000
1656572376,19394.470000000000,0.017134840000
1656572376,19394.840000000000,0.001950000000
1656572376,19400.000000000000,0.063522680000
1656572360,19412.280000000000,0.051257240000
1656572355,19420.990000000000,0.004720000000
1656572316,19431.460000000000,0.004359080000
1656572299,19407.510000000000,0.078518530000
1656572299,19408.100000000000,0.110000000000
1656572299,19410.050000000000,0.110000000000
1656572299,19410.060000000000,0.542899420000
1656572299,19410.070000000000,1.120728850000
1656572299,19410.320000000000,1.682809710000
1656572299,19412.680000000000,0.110000000000
1656572299,19414.410000000000,0.128688280000
1656572299,19414.630000000000,0.110000000000
1656572299,19414.640000000000,0.193500000000
1656572299,19418.520000000000,0.727000390000
1656572299,19419.500000000000,0.735440120000
1656572299,19420.480000000000,0.275000000000
1656572299,19420.480000000000,0.001082360000
1656572299,19420.480000000000,0.586723170000
1656572296,19433.000000000000,0.002300000000
1656572278,19432.990000000000,0.002170000000
1656572267,19439.770000000000,0.004580000000
1656572262,19439.070000000000,0.002431180000
1656572260,19434.630000000000,0.006026860000
1656572259,19428.270000000000,0.012096300000
1656572258,19428.240000000000,0.010000000000
1656572252,19440.940000000000,0.000600000000
1656572251,19442.160000000000,0.008270000000
1656572226,19455.450000000000,0.005970000000
1656572207,19459.220000000000,0.012000000000
1656572206,19448.630000000000,0.005057430000
1656572203,19448.630000000000,0.000700000000
1656572188,19473.900000000000,0.006954940000
1656572165,19442.560000000000,0.508000000000
1656572165,19442.560000000000,0.269515620000
1656572165,19442.570000000000,0.000684380000
1656572151,19458.690000000000,0.004820000000
1656572144,19460.790000000000,0.000000010000
1656572144,19460.790000000000,0.003325590000
1656572142,19418.550000000000,0.031723600000
1656572142,19421.410000000000,0.514080590000
1656572142,19421.580000000000,0.110000000000
1656572142,19423.530000000000,0.110000000000
1656572142,19425.480000000000,0.110000000000
1656572142,19427.430000000000,0.110000000000
1656572142,19428.280000000000,0.930000000000
1656572142,19429.380000000000,0.005700000000
1656572142,19429.390000000000,0.000696250000
1656572142,19429.430000000000,0.110000000000
1656572142,19431.500000000000,0.110000000000
1656572142,19431.870000000000,0.267911450000
1656572142,19434.630000000000,0.584228500000
1656572142,19435.180000000000,0.110000000000
1656572142,19438.310000000000,0.090000000000
1656572142,19438.810000000000,0.110000000000
1656572142,19439.810000000000,0.568541390000
1656572142,19440.770000000000,0.110000000000
1656572142,19440.780000000000,1.131133800000
1656572142,19440.790000000000,1.400000000000
1656572142,19441.020000000000,0.017134840000
1656572142,19443.080000000000,0.110000000000
1656572142,19446.980000000000,0.736509530000
1656572142,19446.990000000000,0.753569760000
1656572142,19448.050000000000,0.275000000000
1656572142,19448.060000000000,0.020000000000
1656572141,19461.770000000000,0.057677910000
1656572140,19460.790000000000,0.005643430000
1656572140,19454.070000000000,0.128568880000
1656572140,19452.580000000000,0.001457630000
1656572130,19427.380000000000,0.007736000000
1656572123,19420.530000000000,0.065100000000
1656572123,19420.530000000000,0.063600000000
1656572114,19411.890000000000,0.010000000000
1656572099,19429.300000000000,0.001290000000
1656572095,19418.570000000000,0.000002720000
1656572095,19418.570000000000,0.128800000000
1656572093,19406.780000000000,0.012857430000
1656572091,19419.350000000000,0.005090000000
1656572073,19425.750000000000,0.257500000000
1656572073,19423.320000000000,3.608800000000
1656572073,19420.690000000000,0.090000000000
1656572073,19419.160000000000,0.000005090000
1656572073,19419.160000000000,0.128780000000
1656572069,19416.370000000000,0.128800000000
1656572065,19415.260000000000,0.069996430000
1656572065,19414.220000000000,0.000003570000
1656572065,19414.220000000000,0.128810000000
1656572065,19414.070000000000,0.070000000000
1656572064,19414.080000000000,0.050000000000
1656572063,19423.480000000000,0.000000010000
1656572063,19423.480000000000,0.008129790000
1656572063,19423.480000000000,0.057245210000
1656572063,19423.480000000000,0.369387770000
1656572063,19423.480000000000,0.051987760000
1656572063,19423.480000000000,0.315781600000
1656572063,19423.480000000000,0.008507860000
1656572063,19425.810000000000,0.680013180000
1656572063,19425.810000000000,0.131026820000
1656572062,19430.710000000000,0.005120750000
1656572061,19428.140000000000,0.054880630000
1656572061,19428.140000000000,0.150000000000
1656572061,19428.140000000000,0.606159370000
1656572061,19430.470000000000,0.000000630000
1656572061,19430.470000000000,0.011040000000
1656572061,19430.470000000000,0.799999370000
1656572061,19432.800000000000,0.000000630000
1656572056,19438.750000000000,0.010000000000
1656572056,19435.780000000000,0.070000000000
1656572056,19435.780000000000,0.000093860000
1656572056,19435.780000000000,0.128600000000
1656572056,19435.670000000000,0.070000000000
1656572053,19432.800000000000,0.052890000000
1656572053,19432.800000000000,0.758149370000
1656572053,19435.130000000000,0.000000630000
1656572053,19435.130000000000,0.614880000000
1656572052,19444.000000000000,0.000042070000
1656572051,19444.000000000000,0.000900000000
1656572044,19450.690000000000,0.000007710000
1656572044,19449.990000000000,0.128574090000
1656572044,19448.960000000000,0.000003980000
1656572044,19448.960000000000,0.015419890000
1656572044,19448.960000000000,0.000000110000
1656572041,19448.960000000000,0.128580000000
1656572025,19444.000000000000,0.020061300000
1656572025,19444.010000000000,0.000762010000
1656572017,19448.290000000000,0.126982950000
1656572017,19448.290000000000,0.001600000000
1656572015,19444.000000000000,0.041826800000
1656572009,19450.670000000000,0.009930000000
1656572007,19450.670000000000,0.004760000000
1656572006,19450.670000000000,0.002040000000
1656572000,19450.690000000000,0.102980000000
1656571996,19450.690000000000,0.025578010000
1656571974,19450.910000000000,0.005000000000
1656571973,19444.030000000000,0.001893120000
1656571969,19453.880000000000,0.002060000000
1656571967,19457.780000000000,0.001695520000
1656571967,19453.880000000000,0.126804480000
1656571967,19453.880000000000,0.001740000000
1656571959,19460.590000000000,0.000000010000
1656571959,19460.590000000000,0.004999990000
1656571949,19463.070000000000,0.128485710000
1656571931,19468.420000000000,0.396379990000
1656571931,19467.340000000000,0.090000000000
1656571931,19465.890000000000,0.275000000000
1656571926,19474.020000000000,0.128422910000
1656571922,19475.660000000000,0.128409030000
1656571920,19470.000000000000,0.016800000000
1656571901,19461.780000000000,0.090200000000
1656571899,19454.740000000000,0.126310000000
1656571899,19454.740000000000,0.002220000000
1656571888,19453.410000000000,0.002000000000
1656571878,19454.460000000000,0.002289990000
1656571878,19450.170000000000,0.000000010000
1656571878,19450.170000000000,0.128573000000
1656571877,19452.660000000000,0.001080570000
1656571877,19452.670000000000,0.000623370000
1656571864,19453.380000000000,0.128550000000
1656571861,19456.150000000000,0.128565610000
1656571861,19456.140000000000,0.090000000000
1656571859,19458.020000000000,0.025634670000
1656571848,19468.770000000000,0.128450000000
1656571848,19475.870000000000,0.000043150000
1656571848,19468.770000000000,0.128456850000
1656571846,19469.550000000000,0.002230000000
1656571841,19476.840000000000,0.028519630000
1656571839,19465.870000000000,0.128475070000
1656571835,19456.700000000000,0.410000000000
1656571835,19454.470000000000,0.000000010000
1656571835,19454.470000000000,0.070472000000
1656571834,19454.470000000000,0.058091910000
1656571834,19448.780000000000,0.000009250000
1656571833,19448.780000000000,0.128560000000
1656571832,19446.350000000000,0.000000250000
1656571832,19443.790000000000,0.128622460000
1656571832,19446.350000000000,0.257260000000
1656571832,19443.790000000000,0.128622460000
1656571830,19442.560000000000,0.010000000000
1656571830,19440.340000000000,0.000002360000
1656571830,19440.340000000000,0.128638820000
1656571830,19440.340000000000,0.000001180000
1656571829,19440.340000000000,0.128640000000
1656571828,19442.560000000000,0.026268820000
1656571828,19440.340000000000,0.000001180000
1656571828,19440.340000000000,0.128640000000
1656571825,19440.840000000000,0.055164660000
1656571824,19450.280000000000,0.020000000000
1656571824,19453.520000000000,0.000045560000
1656571824,19453.520000000000,0.128500000000
1656571823,19450.780000000000,0.128581420000
1656571823,19450.780000000000,0.093254950000
1656571823,19450.780000000000,0.035326470000
1656571821,19446.460000000000,0.217314270000
1656571821,19446.460000000000,0.039947410000
1656571821,19443.800000000000,0.038624640000
1656571821,19443.800000000000,0.090000000000
1656571821,19443.800000000000,0.000024640000
1656571821,19443.800000000000,0.128600000000
1656571819,19446.290000000000,0.257260000000
1656571819,19444.220000000000,0.000009120000
1656571819,19444.220000000000,0.019380000000
1656571819,19441.510000000000,0.000000190000
1656571819,19441.510000000000,0.109250000000
1656571819,19441.510000000000,0.019380000000
1656571818,19439.110000000000,0.000000040000
1656571818,19439.110000000000,0.128710000000
1656571818,19439.110000000000,0.000000040000
1656571817,19439.110000000000,0.038710000000
1656571817,19439.100000000000,0.090000000000
1656571817,19435.130000000000,0.055512030000
1656571817,19435.130000000000,0.055512030000
1656571816,19435.130000000000,0.085135310000
1656571816,19437.460000000000,0.003465360000
1656571816,19439.110000000000,0.090000000000
1656571816,19437.460000000000,0.145977700000
1656571816,19442.770000000000,0.007786930000
1656571816,19442.130000000000,0.141419780000
1656571816,19442.130000000000,0.045841880000
1656571816,19439.120000000000,0.257420080000
1656571816,19437.460000000000,0.151246560000
1656571816,19437.460000000000,0.144848460000
1656571816,19437.460000000000,0.139115180000
1656571816,19437.460000000000,0.005000000000
1656571816,19437.460000000000,0.127707850000
1656571815,19437.460000000000,0.093678890000
1656571815,19439.800000000000,0.204629690000
1656571815,19439.800000000000,0.133093680000
1656571815,19439.800000000000,0.062234870000
1656571815,19439.800000000000,0.273145550000
1656571815,19442.120000000000,0.005724000000
1656571815,19439.800000000000,0.137936210000
1656571815,19442.130000000000,0.449158120000
1656571815,19442.130000000000,0.101315580000
1656571814,19442.130000000000,0.082398870000
1656571814,19442.130000000000,0.094185760000
1656571814,19442.130000000000,0.083981670000
1656571814,19444.460000000000,0.196322180000
1656571814,19444.460000000000,0.209529590000
1656571814,19444.460000000000,0.152952870000
1656571814,19444.460000000000,0.102324020000
1656571814,19444.460000000000,0.149911340000
1656571813,19446.800000000000,0.009611810000
1656571813,19446.800000000000,0.041725560000
1656571813,19446.800000000000,0.163028660000
1656571813,19446.800000000000,0.088257020000
1656571813,19446.800000000000,0.040061680000
1656571813,19446.800000000000,0.128585100000
1656571813,19446.800000000000,0.073543360000
1656571813,19446.800000000000,0.070812760000
1656571813,19446.800000000000,0.030864880000
1656571813,19446.800000000000,0.164549170000
1656571813,19449.130000000000,0.061337300000
1656571813,19449.130000000000,0.105557750000
1656571813,19449.130000000000,0.030000000000
1656571813,19449.130000000000,0.042602780000
1656571813,19449.130000000000,0.099098160000
1656571813,19449.130000000000,0.073339360000
1656571812,19449.130000000000,0.069820600000
1656571812,19449.130000000000,0.074724870000
1656571812,19449.130000000000,0.051621790000
1656571812,19449.130000000000,0.063605220000
1656571812,19449.130000000000,0.069987260000
1656571811,19449.130000000000,0.069344910000
1656571811,19450.000000000000,0.005000000000
1656571811,19450.000000000000,0.010000000000
1656571811,19451.460000000000,0.099354690000
1656571811,19451.460000000000,0.113636430000
1656571811,19451.460000000000,0.132237530000
1656571811,19451.460000000000,0.101225390000
1656571811,19451.460000000000,0.111786460000
1656571811,19451.460000000000,0.093605100000
1656571810,19451.460000000000,0.053697510000
1656571810,19451.460000000000,0.053753260000
1656571810,19451.460000000000,0.051743630000
1656571809,19453.940000000000,0.050000000000
1656571809,19453.800000000000,0.000004280000
1656571809,19453.800000000000,0.020850000000
1656571809,19453.800000000000,0.075420780000
1656571808,19453.800000000000,0.069995340000
1656571808,19453.800000000000,0.063971340000
1656571808,19453.800000000000,0.074593640000
1656571808,19453.800000000000,0.058589090000
1656571808,19453.800000000000,0.247893180000
1656571808,19453.800000000000,0.067790230000
1656571807,19453.800000000000,0.057777580000
1656571807,19453.800000000000,0.074154540000
1656571807,19456.130000000000,0.755558700000
1656571807,19456.130000000000,0.096900810000
1656571807,19456.130000000000,0.051930640000
1656571807,19456.130000000000,0.127084210000
1656571807,19456.130000000000,0.075157160000
1656571807,19456.130000000000,0.110760330000
1656571807,19456.130000000000,0.415200000000
1656571806,19456.130000000000,0.083637250000
1656571806,19456.130000000000,0.109712810000
1656571806,19456.130000000000,0.079134740000
1656571806,19456.130000000000,0.092607170000
1656571806,19456.130000000000,0.280726730000
1656571806,19456.130000000000,0.054524340000
1656571806,19456.130000000000,0.043303150000
1656571806,19456.130000000000,0.167145750000
1656571806,19456.130000000000,0.153400000000
1656571806,19456.130000000000,0.094222750000
1656571806,19456.130000000000,0.066107100000
1656571806,19456.130000000000,0.218558350000
1656571806,19456.130000000000,0.043742500000
1656571806,19456.130000000000,0.084439470000
1656571806,19456.130000000000,0.069771870000
1656571806,19456.130000000000,0.073157170000
1656571806,19456.130000000000,0.134155580000
1656571806,19456.130000000000,0.168624230000
1656571806,19456.130000000000,0.040797270000
1656571806,19456.130000000000,0.043552770000
1656571806,19456.130000000000,0.046517580000
1656571806,19456.130000000000,0.054740850000
1656571806,19456.130000000000,0.665331400000
1656571806,19456.130000000000,0.076691820000
1656571806,19456.130000000000,0.308522420000
1656571805,19456.130000000000,0.283100590000
1656571805,19456.130000000000,0.019190230000
1656571805,19456.130000000000,0.066118050000
1656571805,19456.130000000000,0.066118050000
1656571805,19456.130000000000,0.007784440000
1656571805,19456.130000000000,0.381920630000
1656571805,19456.130000000000,0.062228470000
1656571805,19456.130000000000,0.492770180000
1656571805,19456.130000000000,0.041960220000
1656571805,19456.130000000000,0.276881900000
1656571805,19456.130000000000,0.105278210000
1656571805,19456.130000000000,0.063896190000
1656571805,19456.130000000000,0.178418470000
1656571805,19456.130000000000,0.062297970000
1656571805,19456.130000000000,0.052068890000
1656571804,19456.130000000000,0.313782840000
1656571804,19456.130000000000,0.051511420000
1656571804,19456.130000000000,0.129019080000
1656571804,19456.130000000000,0.130661590000
1656571804,19456.130000000000,0.062055840000
1656571804,19456.130000000000,0.053951120000
1656571804,19456.130000000000,0.063025130000
1656571804,19456.130000000000,1.400000000000
1656571804,19456.130000000000,0.312077670000
1656571804,19456.130000000000,6.300000000000
1656571804,19456.130000000000,0.707310000000
1656571787,19462.770000000000,0.019522060000
1656571785,19460.670000000000,0.000019970000
1656571785,19460.670000000000,0.128500000000
1656571768,19461.260000000000,0.090000000000
1656571768,19461.270000000000,0.128528940000
1656571768,19461.260000000000,0.090000000000
1656571755,19463.080000000000,0.002828000000
1656571752,19456.130000000000,0.072203150000
1656571752,19456.130000000000,0.364327460000
1656571743,19468.020000000000,0.001990000000
1656571741,19471.660000000000,0.001300000000
1656571735,19456.150000000000,0.282873150000
1656571725,19480.760000000000,0.000003150000
1656571715,19480.970000000000,0.007000000000
1656571714,19480.760000000000,0.062490000000
1656571714,19488.450000000000,0.012330000000
1656571711,19480.760000000000,0.000006850000
1656571702,19479.850000000000,0.128390000000
1656571700,19477.310000000000,0.007450000000
1656571687,19460.520000000000,0.202800000000
1656571687,19460.800000000000,0.050000000000
1656571678,19480.760000000000,0.128370000000
1656571678,19469.200000000000,0.010000000000
1656571668,19472.810000000000,0.552670000000
1656571652,19475.600000000000,0.000009130000
1656571652,19475.600000000000,0.009670000000
1656571632,19462.980000000000,0.000008290000
1656571630,19462.980000000000,0.128490000000
1656571630,19460.820000000000,0.047967180000
1656571630,19460.800000000000,0.000006530000
1656571617,19460.800000000000,0.128510000000
1656571604,19466.870000000000,0.012778110000
1656571602,19463.460000000000,0.029756760000
1656571602,19463.460000000000,0.309200000000
1656571586,19465.140000000000,0.054000000000
1656571576,19477.260000000000,0.002510000000
1656571557,19488.680000000000,0.277000830000
1656571557,19488.170000000000,0.090000000000
1656571557,19487.710000000000,0.275000000000
1656571557,19486.590000000000,0.128348160000
1656571557,19486.530000000000,0.275000000000
1656571517,19500.510000000000,0.008000000000
1656571517,19492.670000000000,0.007989000000
1656571511,19484.020000000000,0.009570000000
1656571495,19482.220000000000,0.390630000000
1656571495,19482.220000000000,0.001370000000
1656571494,19489.570000000000,0.010000000000
1656571494,19489.560000000000,0.090000000000
1656571477,19494.620000000000,0.062667540000
1656571476,19492.790000000000,0.001300000000
1656571469,19482.120000000000,0.001300000000
1656571453,19489.470000000000,0.002280000000
1656571452,19489.470000000000,0.000902950000
1656571452,19478.880000000000,0.002696270000
1656571452,19478.880000000000,0.000002410000
1656571450,19478.880000000000,0.002503730000
1656571450,19478.880000000000,0.000096270000
1656571449,19478.880000000000,0.003900000000
1656571449,19478.880000000000,0.027992550000
1656571449,19478.880000000000,0.000001570000
1656571444,19472.590000000000,0.013710000000
1656571441,19464.660000000000,0.031954160000
1656571433,19478.880000000000,0.128400000000
1656571424,19473.660000000000,0.001000000000
1656571421,19470.200000000000,0.000088630000
1656571421,19470.200000000000,0.017700000000
1656571421,19470.200000000000,0.002159320000
1656571420,19473.660000000000,0.000052050000
1656571410,19485.610000000000,0.002280000000
1656571372,19477.670000000000,0.000025360000
1656571372,19477.670000000000,0.128400000000
1656571372,19476.520000000000,0.134439920000
1656571372,19476.520000000000,0.383310600000
1656571372,19476.510000000000,0.260331230000
1656571372,19476.510000000000,0.040736970000
1656571372,19476.510000000000,0.065726220000
1656571372,19476.510000000000,0.166282990000
1656571372,19476.510000000000,0.573934060000
1656571372,19476.460000000000,0.046015940000
1656571372,19476.460000000000,0.073984060000
1656571370,19473.660000000000,0.003600000000
1656571364,19473.660000000000,0.013300000000
1656571361,19473.830000000000,0.001790000000
1656571357,19483.990000000000,0.007380000000
1656571357,19483.980000000000,0.020000000000
1656571351,19474.850000000000,0.545355130000
1656571351,19475.360000000000,1.159644870000
1656571351,19475.450000000000,0.275000000000
1656571351,19475.460000000000,0.020000000000
1656571343,19492.600000000000,0.002740000000
1656571337,19480.200000000000,0.779800000000
1656571332,19475.420000000000,0.195800000000
1656571332,19468.620000000000,0.032738360000
1656571332,19468.620000000000,0.020000000000
1656571332,19468.620000000000,0.067261640000
1656571332,19464.940000000000,0.128498360000
1656571331,19471.260000000000,0.002780000000
1656571325,19471.720000000000,0.003086080000
1656571325,19471.710000000000,0.020000000000
1656571315,19473.580000000000,0.001800000000
1656571312,19486.300000000000,0.001622910000
1656571308,19472.000000000000,0.019000000000
1656571308,19472.010000000000,0.020000000000
1656571297,19498.740000000000,0.050000000000
1656571296,19498.740000000000,0.006697690000
1656571295,19494.320000000000,0.197520000000
1656571295,19494.320000000000,0.325340000000
1656571295,19494.320000000000,0.250000000000
1656571286,19505.480000000000,0.000095490000
1656571286,19505.480000000000,0.231800000000
1656571286,19505.480000000000,0.550000000000
1656571275,19520.000000000000,0.000000350000
1656571275,19520.000000000000,0.153040000000
1656571265,19499.450000000000,0.013447770000
1656571241,19493.940000000000,0.005940000000
1656571223,19497.380000000000,0.010000000000
1656571212,19456.130000000000,0.426636700000
1656571212,19456.220000000000,0.110000000000
1656571212,19456.230000000000,0.240000000000
1656571212,19458.170000000000,0.110000000000
1656571212,19459.670000000000,0.037389190000
1656571212,19460.120000000000,0.110000000000
1656571212,19461.220000000000,0.110000000000
1656571212,19462.070000000000,0.110000000000
1656571212,19463.870000000000,0.228649110000
1656571212,19465.530000000000,0.110000000000
1656571212,19468.540000000000,0.017047810000
1656571212,19471.560000000000,0.584215020000
1656571212,19472.550000000000,0.546238600000
1656571212,19472.550000000000,0.749682520000
1656571212,19472.880000000000,0.788166300000
1656571212,19473.320000000000,0.275000000000
1656571212,19473.340000000000,1.104410700000
1656571212,19473.360000000000,0.275000000000
1656571196,19494.340000000000,0.477700000000
1656571196,19494.340000000000,0.306810000000
1656571192,19492.940000000000,0.021000000000
1656571180,19483.000000000000,0.128380000000
1656571169,19519.460000000000,0.000005910000
1656571168,19525.200000000000,0.000000010000
1656571158,19530.010000000000,0.010000000000
1656571147,19529.650000000000,0.000000010000
1656571147,19529.650000000000,0.003821200000
1656571139,19525.200000000000,0.002999990000
1656571132,19529.100000000000,0.000004760000
1656571127,19529.100000000000,0.039450000000
1656571126,19528.860000000000,0.014540000000
1656571119,19525.200000000000,0.097700000000
1656571119,19523.470000000000,0.110000000000
1656571111,19554.340000000000,0.025305810000
1656571109,19553.110000000000,0.071667220000
1656571095,19562.700000000000,0.002210000000
1656571077,19565.430000000000,0.018261480000
1656571077,19558.480000000000,0.010238520000
1656571058,19552.180000000000,0.017694830000
1656571055,19540.480000000000,0.202800000000
1656571055,19543.100000000000,0.110000000000
1656571055,19530.770000000000,0.000000940000
1656571055,19530.770000000000,0.062070000000
1656571051,19525.390000000000,0.001509820000
1656571045,19525.390000000000,0.004570000000
1656571042,19519.460000000000,0.015110000000
1656571033,19522.060000000000,0.001250000000
1656571018,19502.420000000000,0.001500000000
1656571011,19506.440000000000,0.871790000000
1656571011,19506.440000000000,0.128210000000
1656571006,19500.000000000000,0.040000000000
1656571001,19514.670000000000,0.001280000000
1656570966,19505.910000000000,0.105261020000
1656570966,19505.900000000000,0.020000000000
1656570966,19506.340000000000,0.004980000000
1656570953,19471.820000000000,0.000009630000
1656570953,19471.820000000000,0.105770000000
1656570952,19471.820000000000,0.022675050000
1656570952,19471.110000000000,0.000004950000
1656570945,19471.110000000000,0.128460000000
1656570940,19470.420000000000,0.000000010000
1656570940,19470.420000000000,0.002899990000
1656570934,19506.320000000000,0.000001290000
1656570934,19506.320000000000,0.041990000000
1656570906,19511.620000000000,0.000002000000
1656570906,19511.620000000000,0.007070000000
1656570901,19506.320000000000,0.128220000000
1656570886,19539.950000000000,0.003737420000
1656570883,19543.860000000000,0.010000000000
1656570879,19540.100000000000,0.128013790000
1656570876,19511.340000000000,0.094500000000
1656570876,19515.510000000000,0.385500000000
1656570876,19515.520000000000,0.020000000000
1656570873,19529.070000000000,0.008170000000
1656570863,19505.840000000000,0.014896120000
1656570862,19501.660000000000,0.128261090000
1656570854,19496.340000000000,0.036520000000
1656570847,19468.330000000000,0.560022650000
1656570847,19468.660000000000,0.110000000000
1656570847,19475.740000000000,0.128303230000
1656570847,19475.750000000000,0.020000000000
1656570840,19497.610000000000,0.021400000000
1656570840,19492.330000000000,0.000000010000
1656570839,19492.330000000000,0.003999990000
1656570824,19476.680000000000,0.499995990000
1656570824,19475.610000000000,0.000004010000
1656570824,19475.610000000000,0.128450000000
1656570818,19468.500000000000,0.220000000000
1656570809,19456.130000000000,0.410568590000
1656570809,19476.840000000000,0.004000000000
1656570797,19498.650000000000,0.001820000000
1656570794,19475.140000000000,0.051720880000
1656570794,19475.150000000000,0.020000000000
1656570794,19479.580000000000,0.128279120000
1656570786,19502.960000000000,0.053530000000
1656570778,19513.120000000000,0.019490000000
1656570775,19497.520000000000,0.000001300000
1656570775,19497.520000000000,0.128310000000
1656570773,19504.370000000000,0.000100680000
1656570773,19504.370000000000,0.000977530000
1656570773,19504.370000000000,0.000522470000
1656570769,19507.970000000000,0.110000000000
1656570768,19504.360000000000,0.000009890000
1656570768,19504.360000000000,0.008450000000
1656570758,19538.840000000000,0.050000000000
1656570750,19569.950000000000,0.020000000000
1656570750,19570.780000000000,0.025421060000
1656570743,19562.590000000000,0.499999230000
1656570743,19562.040000000000,0.000000760000
1656570743,19558.500000000000,0.001500000000
1656570730,19536.470000000000,0.000000010000
1656570730,19534.370000000000,0.000000010000
1656570730,19534.370000000000,0.003385580000
1656570724,19498.880000000000,0.011400000000
1656570723,19495.730000000000,0.000000010000
1656570722,19495.730000000000,0.001799990000
1656570721,19507.940000000000,0.555720000000
1656570717,19520.240000000000,0.000090780000
1656570717,19520.240000000000,0.128100000000
1656570716,19520.230000000000,0.020899680000
1656570716,19520.230000000000,0.003448260000
1656570709,19510.660000000000,0.391280000000
1656570709,19527.390000000000,0.012130950000
1656570703,19535.260000000000,0.000000010000
1656570703,19535.260000000000,0.128104710000
1656570702,19536.470000000000,0.020000000000
1656570702,19526.760000000000,0.128188500000
1656570700,19528.850000000000,0.161384610000
1656570700,19520.950000000000,0.017047820000
1656570700,19519.900000000000,0.256551250000
1656570700,19519.890000000000,0.014000000000
1656570700,19516.660000000000,0.060700000000
1656570698,19536.400000000000,0.011087880000
1656570698,19536.370000000000,0.110000000000
1656570698,19536.360000000000,0.020000000000
1656570697,19517.990000000000,0.017047820000
1656570697,19516.430000000000,0.110000010000
1656570697,19516.430000000000,0.785385460000
1656570697,19516.040000000000,0.110000000000
1656570697,19516.030000000000,0.020000000000
1656570693,19515.990000000000,0.001960000000
1656570690,19520.720000000000,0.000029760000
1656570690,19520.720000000000,0.028000000000
1656570689,19508.540000000000,0.003387580000
1656570685,19444.680000000000,0.115000000000
1656570685,19444.680000000000,0.110000000000
1656570685,19445.650000000000,0.275000000000
1656570685,19481.280000000000,0.048000000000
1656570685,19481.270000000000,0.020000000000
1656570685,19473.070000000000,0.002000000000
1656570684,19473.070000000000,0.010000000000
1656570684,19445.870000000000,0.573217990000
1656570684,19445.870000000000,1.390782010000
1656570684,19442.640000000000,0.013344040000
1656570683,19452.690000000000,0.002500000000
1656570683,19445.870000000000,0.002500000000
1656570682,19400.910000000000,0.174000000000
1656570682,19400.910000000000,0.017040000000
1656570681,19415.800000000000,0.110000000000
1656570680,19403.630000000000,0.000000010000
1656570680,19403.630000000000,0.016306790000
1656570680,19403.630000000000,0.983693200000
1656570680,19403.640000000000,1.074473660000
1656570680,19421.070000000000,0.010000000000
1656570679,19438.030000000000,0.002500000000
1656570679,19427.400000000000,0.017047820000
1656570679,19425.360000000000,0.275000000000
1656570679,19425.350000000000,0.110000000000
1656570679,19427.200000000000,0.275000000000
1656570679,19426.330000000000,0.110000000000
1656570678,19427.560000000000,0.250000000000
1656570678,19427.560000000000,0.025000000000
1656570678,19415.260000000000,0.152000230000
1656570678,19423.600000000000,0.128599770000
1656570678,19415.150000000000,0.060247640000
1656570678,19423.600000000000,0.128599770000
1656570677,19410.490000000000,0.062399990000
1656570677,19392.970000000000,0.911888110000
1656570677,19403.640000000000,0.012000000000
1656570677,19409.510000000000,2.117511890000
1656570677,19448.510000000000,1.958600000000
1656570677,19448.510000000000,0.041400000000
1656570677,19485.390000000000,0.010000000000
1656570677,19436.450000000000,0.128514110000
1656570676,19448.510000000000,0.007057800000
1656570676,19448.510000000000,0.009990000000
1656570676,19338.450000000000,0.727543780000
1656570676,19350.000000000000,0.001000000000
1656570676,19350.220000000000,0.025600000000
1656570676,19361.670000000000,0.500000000000
1656570676,19365.000000000000,0.005522000000
1656570676,19365.750000000000,2.280000000000
1656570676,19365.760000000000,1.034314580000
1656570676,19377.000000000000,0.025000000000
1656570676,19380.000000000000,0.076902380000
1656570676,19399.000000000000,0.030000000000
1656570676,19400.000000000000,0.005120000000
1656570676,19400.000000000000,0.010000000000
1656570676,19400.000000000000,0.002500000000
1656570676,19401.000000000000,0.046700000000
1656570676,19402.000000000000,0.001546230000
1656570676,19408.600000000000,0.095924230000
1656570676,19408.610000000000,0.063777980000
1656570676,19435.000000000000,0.004718000000
1656570676,19436.970000000000,0.005237360000
1656570676,19444.000000000000,0.012793460000
1656570676,19450.000000000000,0.045800000000
1656570676,19455.830000000000,0.227015100000
1656570676,19455.830000000000,0.047984900000
1656570676,19490.660000000000,0.002496280000
1656570676,19487.190000000000,0.000003720000
1656570676,19487.190000000000,0.128420000000
1656570675,19470.000000000000,0.004316000000
1656570675,19475.000000000000,0.025000000000
1656570675,19478.450000000000,0.005015800000
1656570675,19478.550000000000,0.091632300000
1656570675,19478.550000000000,0.400000000000
1656570675,19488.180000000000,0.002871560000
1656570675,19488.660000000000,0.046900000000
1656570675,19488.660000000000,0.030000000000
1656570674,19500.000000000000,0.200000000000
1656570674,19500.000000000000,0.007500000000
1656570674,19500.000000000000,0.005150000000
1656570674,19500.000000000000,0.010000000000
1656570674,19500.000000000000,0.007692310000
1656570674,19500.000000000000,0.001500000000
1656570674,19500.000000000000,0.030000000000
1656570674,19500.000000000000,0.012000000000
1656570674,19500.000000000000,0.487629230000
1656570674,19500.000000000000,0.250000000000
1656570674,19500.000000000000,0.007654040000
1656570674,19500.000000000000,0.003178460000
1656570674,19500.000000000000,6.947167680000
1656570674,19507.560000000000,0.811040000000
1656570674,19509.900000000000,0.811040000000
1656570674,19512.240000000000,0.811040000000
1656570674,19514.580000000000,0.663340000000
1656570674,19514.580000000000,0.147700000000
1656570674,19516.930000000000,0.364827550000
1656570674,19516.930000000000,0.446212450000
1656570674,19519.270000000000,0.217391040000
1656570674,19519.270000000000,0.048998040000
1656570674,19519.270000000000,0.378526730000
1656570674,19519.270000000000,0.166124190000
1656570674,19521.610000000000,0.003489960000
1656570674,19521.610000000000,0.340907020000
1656570674,19521.610000000000,0.037200000000
1656570674,19521.610000000000,0.030000000000
1656570673,19521.610000000000,0.399443020000
1656570673,19523.950000000000,0.373678580000
1656570673,19523.950000000000,0.437361420000
1656570673,19526.300000000000,0.318000950000
1656570673,19526.300000000000,0.493039050000
1656570673,19528.640000000000,0.811040000000
1656570673,19530.980000000000,0.811040000000
1656570673,19533.330000000000,0.308715130000
1656570673,19533.330000000000,0.004174450000
1656570673,19533.330000000000,0.460550410000
1656570673,19533.330000000000,0.037600010000
1656570672,19535.670000000000,0.136936320000
1656570672,19535.670000000000,0.115322050000
1656570672,19535.670000000000,0.266410280000
1656570672,19539.610000000000,0.030000000000
1656570672,19535.670000000000,0.292371350000
1656570672,19538.010000000000,0.811040000000
1656570672,19540.360000000000,1.938682700000
1656570672,19540.360000000000,0.047205820000
1656570672,19540.360000000000,0.030000000000
1656570672,19540.360000000000,0.400675520000
1656570672,19540.360000000000,0.204533400000
1656570672,19540.360000000000,0.115244740000
1656570671,19540.360000000000,0.290388820000
1656570671,19540.360000000000,0.250533820000
1656570671,19540.360000000000,0.030000000000
1656570671,19540.360000000000,0.293280630000
1656570671,19540.360000000000,26.260000000000
1656570671,19540.360000000000,0.030000000000
1656570671,19540.360000000000,0.150200000000
1656570671,19540.360000000000,0.100000000000
1656570671,19540.360000000000,0.438070000000
1656570671,19540.360000000000,0.053724580000
1656570671,19541.310000000000,0.004720000000
1656570671,19541.310000000000,0.018070000000
1656570671,19541.300000000000,0.110000000000
1656570671,19541.300000000000,0.110000000000
1656570671,19540.360000000000,0.085485240000
1656570671,19540.360000000000,0.090673020000
1656570670,19540.360000000000,0.045500000000
1656570670,19540.360000000000,0.115284360000
1656570670,19540.360000000000,0.093033790000
1656570670,19540.360000000000,0.850000000000
1656570670,19540.360000000000,0.600000000000
1656570670,19540.360000000000,6.653070000000
1656570670,19540.360000000000,0.058837950000
1656570670,19540.360000000000,1.243000000000
1656570670,19540.360000000000,0.030000000000
1656570668,19558.880000000000,0.127901860000
1656570668,19558.880000000000,0.000008140000
1656570668,19558.880000000000,0.127910000000
1656570666,19554.190000000000,0.000006970000
1656570666,19554.190000000000,0.017950000000
1656570666,19554.190000000000,0.110000000000
1656570666,19560.180000000000,0.210500000000
1656570665,19555.990000000000,0.077480000000
1656570665,19555.990000000000,0.015770000000
1656570665,19550.670000000000,0.000001960000
1656570665,19550.670000000000,0.128020000000
1656570665,19540.360000000000,0.054575610000
1656570664,19562.040000000000,0.127950000000
1656570664,19558.220000000000,0.110000000000
1656570664,19550.510000000000,0.256047900000
1656570664,19549.010000000000,0.128016720000
1656570663,19552.670000000000,0.110000000000
1656570662,19558.000000000000,0.026003770000
1656570660,19567.610000000000,0.092620000000
1656570660,19561.380000000000,0.110000000000
1656570660,19564.990000000000,0.086500000000
1656570660,19561.410000000000,1.140000000000
1656570660,19558.710000000000,1.140000000000
1656570659,19605.780000000000,0.002500000000
1656570659,19574.130000000000,0.001879950000
1656570658,19585.570000000000,0.020000000000
1656570656,19608.540000000000,0.000004840000
1656570655,19608.540000000000,0.524980000000
1656570655,19606.510000000000,0.104187810000
1656570653,19603.630000000000,0.000000010000
1656570653,19603.630000000000,0.127676850000
1656570651,19592.080000000000,0.110000000000
1656570651,19596.660000000000,1.140000000000
1656570651,19592.580000000000,0.000000010000
1656570651,19592.580000000000,0.127750350000
1656570650,19593.600000000000,0.002500000000
1656570648,19598.410000000000,0.004630000000
1656570648,19598.420000000000,0.002500000000
1656570646,19614.300000000000,0.002547000000
1656570645,19619.500000000000,0.002500000000
1656570640,19628.390000000000,0.052375770000
1656570640,19628.380000000000,0.020000000000
1656570640,19628.300000000000,0.110000000000
1656570640,19626.270000000000,0.127541780000
1656570638,19629.820000000000,0.000606400000
1656570637,19631.500000000000,0.110000000000
1656570636,19631.580000000000,0.002500000000
1656570635,19637.810000000000,0.110000000000
1656570634,19637.930000000000,0.002500000000
1656570633,19629.810000000000,0.094000000000
1656570630,19665.520000000000,0.002500000000
1656570629,19657.060000000000,0.152240000000
1656570628,19637.510000000000,0.094000000000
1656570628,19637.520000000000,0.006000000000
1656570628,19659.600000000000,0.002500000000
1656570627,19655.220000000000,0.445490000000
1656570626,19676.880000000000,0.002500000000
1656570625,19672.070000000000,0.182000000000
1656570625,19662.080000000000,0.037548720000
1656570625,19662.080000000000,0.114700000000
1656570625,19662.840000000000,0.110000000000
1656570624,19655.220000000000,0.003892190000
1656570624,19666.900000000000,0.002500000000
1656570624,19656.210000000000,0.004000000000
1656570624,19656.210000000000,0.290000000000
1656570621,19692.760000000000,0.002500000000
1656570621,19674.500000000000,0.570000000000
1656570621,19678.430000000000,0.004470000000
1656570620,19668.680000000000,0.002500000000
1656570618,19656.010000000000,0.003686910000
1656570618,19650.300000000000,0.000094170000
1656570618,19650.300000000000,0.005500000000
1656570617,19633.430000000000,0.100000000000
1656570617,19630.270000000000,0.000057950000
1656570617,19630.270000000000,0.064300000000
1656570616,19596.230000000000,0.000045580000
1656570616,19596.230000000000,0.053500000000
1656570615,19586.530000000000,0.060000000000
1656570615,19584.950000000000,0.089152590000
1656570615,19584.950000000000,0.009500000000
1656570615,19584.950000000000,0.009518940000
1656570615,19584.950000000000,0.118300000000
1656570615,19584.940000000000,0.009500000000
1656570615,19584.940000000000,0.002500000000
1656570614,19584.930000000000,0.010000000000
1656570613,19581.030000000000,0.012000000000
1656570613,19580.070000000000,0.002500000000
1656570612,19543.420000000000,0.010196640000
1656570612,19557.720000000000,0.016754080000
1656570611,19613.690000000000,0.243080470000
1656570611,19613.690000000000,0.274999990000
1656570611,19595.220000000000,0.275000000000
1656570611,19594.240000000000,0.275000000000
1656570611,19545.680000000000,0.020000000000
1656570611,19558.350000000000,0.110000000000
1656570611,19563.830000000000,0.156750000000
1656570611,19562.770000000000,0.073245920000
1656570611,19562.850000000000,0.016754080000
1656570611,19563.820000000000,0.110000000000
1656570611,19596.180000000000,0.016146290000
1656570610,19500.000000000000,0.052832320000
1656570610,19500.000000000000,0.010000000000
1656570610,19500.000000000000,0.042840150000
1656570610,19500.000000000000,0.002212270000
1656570610,19500.010000000000,0.110000000000
1656570610,19500.970000000000,0.275000000000
1656570610,19526.030000000000,0.021385440000
1656570610,19500.000000000000,0.007188330000
1656570610,19500.000000000000,0.012811670000
1656570610,19500.000000000000,0.139511250000
1656570610,19500.000000000000,0.250000000000
1656570610,19500.000000000000,0.011543070000
1656570610,19500.000000000000,0.010910760000
1656570610,19500.000000000000,0.025387150000
1656570610,19500.000000000000,0.150000000000
1656570610,19500.000000000000,0.100000000000
1656570610,19500.000000000000,0.001500000000
1656570610,19500.000000000000,0.012855110000
1656570610,19500.000000000000,0.350000000000
1656570610,19500.000000000000,0.000550000000
1656570610,19500.000000000000,0.126935770000
1656570610,19500.000000000000,0.022848440000
1656570610,19500.000000000000,0.010000000000
1656570610,19500.000000000000,0.300000000000
1656570610,19500.000000000000,1.000000000000
1656570610,19500.000000000000,0.050000000000
1656570610,19500.000000000000,0.005128210000
1656570610,19500.000000000000,0.012693580000
1656570610,19500.000000000000,0.081217430000
1656570610,19500.020000000000,0.010205370000
1656570610,19500.260000000000,0.005077360000
1656570610,19500.280000000000,0.010000000000
1656570610,19500.740000000000,0.104109280000
1656570610,19501.000000000000,0.300000000000
1656570610,19502.000000000000,0.001538300000
1656570610,19505.000000000000,0.003915000000
1656570610,19509.110000000000,0.155824040000
1656570610,19509.120000000000,0.005113570000
1656570610,19510.090000000000,0.328136310000
1656570610,19525.370000000000,1.140000000000
1656570610,19566.760000000000,0.275000000000
1656570609,19564.160000000000,0.133144060000
1656570609,19600.010000000000,0.026660700000
1656570609,19530.240000000000,0.790000000000
1656570609,19582.270000000000,0.110000000000
1656570609,19511.230000000000,0.307652630000
1656570609,19534.180000000000,0.012000000000
1656570609,19540.000000000000,0.003513000000
1656570609,19550.000000000000,0.005064450000
1656570609,19550.000000000000,0.001000000000
1656570609,19550.000000000000,0.005370330000
1656570609,19550.000000000000,0.178476950000
1656570609,19551.060000000000,0.046200000000
1656570609,19551.080000000000,0.001785340000
1656570609,19575.000000000000,0.003111000000
1656570609,19577.000000000000,0.025000000000
1656570609,19577.010000000000,0.410772420000
1656570609,19600.000000000000,0.000053880000
1656570609,19600.010000000000,0.010595100000
1656570609,19600.000000000000,0.018354180000
1656570609,19600.000000000000,0.006345820000
1656570609,19600.000000000000,0.005000000000
1656570609,19654.770000000000,0.610000000000
1656570609,19654.760000000000,0.240000000000
1656570609,19618.410000000000,0.110000000000
1656570609,19600.490000000000,0.025000000000
